<collection xmlns="http://www.loc.gov/MARC21/slim">
<record>
  <leader>01692nam0a22003371i 450 </leader>
  <controlfield tag="001">IT\ICCU\CNCE\030633</controlfield>
  <controlfield tag="005">20080122000000.0</controlfield>
  <datafield tag="012" ind1=" " ind2=" ">
    <subfield code="a">gora o,to heto tisa (3) 1597 (R)</subfield>
    <subfield code="2">fei</subfield>
  </datafield>
  <datafield tag="100" ind1=" " ind2=" ">
    <subfield code="a">19971127d1597        0itac0103    ba</subfield>
  </datafield>
  <datafield tag="101" ind1=" " ind2=" ">
    <subfield code="a">ITA</subfield>
  </datafield>
  <datafield tag="102" ind1=" " ind2=" ">
    <subfield code="a">IT</subfield>
  </datafield>
  <datafield tag="200" ind1="1" ind2=" ">
    <subfield code="a">Prose tiberine del pastor Ergasto Antonio Piccioli Cenedese ...</subfield>
  </datafield>
  <datafield tag="210" ind1=" " ind2=" ">
    <subfield code="a">In Treuigi</subfield>
    <subfield code="c">appresso Euangelista Dehuchino</subfield>
    <subfield code="d">1597</subfield>
  </datafield>
  <datafield tag="215" ind1=" " ind2=" ">
    <subfield code="a">231, \9! p.</subfield>
    <subfield code="d">12ʻ</subfield>
  </datafield>
  <datafield tag="620" ind1=" " ind2=" ">
    <subfield code="a">IT</subfield>
    <subfield code="d">Treviso</subfield>
  </datafield>
  <datafield tag="700" ind1=" " ind2="1">
    <subfield code="a">Piccioli,</subfield>
    <subfield code="b">Antonio</subfield>
    <subfield code="3">IT\ICCU\CNCA\007047</subfield>
  </datafield>
  <datafield tag="712" ind1="0" ind2="0">
    <subfield code="a">Deuchino, Evangelista</subfield>
    <subfield code="3">IT\ICCU\CNCT\000420</subfield>
    <subfield code="4">650</subfield>
  </datafield>
  <datafield tag="790" ind1=" " ind2="1">
    <subfield code="a">Picciolus,</subfield>
    <subfield code="b">Antonius</subfield>
    <subfield code="3">IT\ICCU\CNCA\021924</subfield>
    <subfield code="z">Piccioli, Antonio</subfield>
  </datafield>
  <datafield tag="790" ind1=" " ind2="1">
    <subfield code="a">Renovatus,</subfield>
    <subfield code="b">Rapitus</subfield>
    <subfield code="3">IT\ICCU\CNCA\021925</subfield>
    <subfield code="z">Piccioli, Antonio</subfield>
  </datafield>
  <datafield tag="791" ind1="0" ind2="0">
    <subfield code="a">Dehuchinus, Evangelista</subfield>
    <subfield code="3">IT\ICCU\CNCT\003767</subfield>
    <subfield code="z">Deuchino, Evangelista</subfield>
  </datafield>
  <datafield tag="791" ind1="0" ind2="0">
    <subfield code="a">Dehuchino, Evangelista</subfield>
    <subfield code="3">IT\ICCU\CNCT\004624</subfield>
    <subfield code="z">Deuchino, Evangelista</subfield>
  </datafield>
  <datafield tag="801" ind1=" " ind2="3">
    <subfield code="a">IT</subfield>
    <subfield code="b">ICCU</subfield>
    <subfield code="c">20201114</subfield>
  </datafield>
  <datafield tag="899" ind1=" " ind2=" ">
    <subfield code="a">Biblioteca Apostolica Vaticana. Citt ̉del Vaticano</subfield>
    <subfield code="1">EX0001</subfield>
    <subfield code="2">ZCV 01</subfield>
  </datafield>
  <datafield tag="899" ind1=" " ind2=" ">
    <subfield code="a">Biblioteca civica. Padova</subfield>
    <subfield code="1">PD0090</subfield>
    <subfield code="2">PUV 55</subfield>
  </datafield>
  <datafield tag="899" ind1=" " ind2=" ">
    <subfield code="a">Biblioteca nazionale centrale. Roma</subfield>
    <subfield code="1">RM0267</subfield>
    <subfield code="2">BVE CR</subfield>
  </datafield>
  <datafield tag="899" ind1=" " ind2=" ">
    <subfield code="a">Biblioteca universitaria Alessandrina. Roma</subfield>
    <subfield code="1">RM0280</subfield>
    <subfield code="2">RML 01</subfield>
  </datafield>
  <datafield tag="899" ind1=" " ind2=" ">
    <subfield code="a">Biblioteca Casanatense. Roma</subfield>
    <subfield code="1">RM0313</subfield>
    <subfield code="2">RML 07</subfield>
  </datafield>
  <datafield tag="899" ind1=" " ind2=" ">
    <subfield code="a">Nuova biblioteca pubblica Luigi Fumi. Orvieto</subfield>
    <subfield code="1">TR0022</subfield>
    <subfield code="2">UM1 06</subfield>
  </datafield>
  <datafield tag="899" ind1=" " ind2=" ">
    <subfield code="a">Biblioteca comunale. Treviso</subfield>
    <subfield code="1">TV0114</subfield>
    <subfield code="2">VIA CT</subfield>
  </datafield>
  <datafield tag="911" ind1=" " ind2=" ">
    <subfield code="a">Sul front.</subfield>
    <subfield code="9">IT\ICCU\CNCM\000453</subfield>
  </datafield>
  <datafield tag="921" ind1=" " ind2=" ">
    <subfield code="a">IT\ICCU\CNCM\000453</subfield>
    <subfield code="b">Due ancore unite da nastro. In alto, in ovale inserito nella cornice, tre gigli.</subfield>
    <subfield code="e">1) His sufulta; 2) Sic inclita virtus.</subfield>
    <subfield code="c">Z69</subfield>
    <subfield code="d">Dimensioni: 2,5 x 3,1</subfield>
    <subfield code="f">ANCORA</subfield>
    <subfield code="f">GIGLIO</subfield>
    <subfield code="f">HISSUFULTA</subfield>
    <subfield code="f">NASTRO</subfield>
    <subfield code="f">SICINCLITA</subfield>
    <subfield code="g">1581-1600</subfield>
  </datafield>
</record>
</collection>
